
%%
%% Economics
%%
@book{walras1896elements,
  title={{\'E}l{\'e}ments d'{\'e}conomie politique pure, ou, Th{\'e}orie de la richesse sociale},
  author={Walras, L{\'e}on},
  year={1896},
  publisher={F. Rouge}
}

@article{arrow1954existence,
  title={Existence of an equilibrium for a competitive economy},
  author={Arrow, Kenneth J and Debreu, Gerard},
  journal={Econometrica: Journal of the Econometric Society},
  pages={265--290},
  year={1954},
  publisher={JSTOR}
}

@article{eisenberg1959consensus,
  title={Consensus of subjective probabilities: The pari-mutuel method},
  author={Eisenberg, Edmund and Gale, David},
  journal={The Annals of Mathematical Statistics},
  pages={165--168},
  year={1959},
  publisher={JSTOR}
}

@book{gale1960theory,
  title={The theory of linear economic models},
  author={Gale, David},
  year={1960},
  publisher={University of Chicago press}
}

@article{eisenberg1961aggregation,
  title={Aggregation of utility functions},
  author={Eisenberg, Edmund},
  journal={Management Science},
  volume={7},
  number={4},
  pages={337--350},
  year={1961},
  publisher={INFORMS}
}

@article{friedman1973concavity,
  title={Concavity of Production Functions and Non-Increasing Returns to Scale},
  author={Friedman, James W},
  journal={Econometrica: Journal of the Econometric Society},
  pages={981--984},
  year={1973},
  publisher={JSTOR}
}


@inproceedings{jain2005market,
  title={Market equilibria for homothetic, quasi-concave utilities and economies of scale in production},
  author={Jain, Kamal and Vazirani, Vijay V and Ye, Yinyu},
  booktitle={Proceedings of the sixteenth annual ACM-SIAM symposium on Discrete algorithms},
  pages={63--71},
  year={2005},
  organization={Society for Industrial and Applied Mathematics}
}

% newer version
@article{chen2010equilibrium,
  title={On Equilibrium Pricing as Convex Optimization},
  author={Chen, Lihua and Ye, Yinyu and Zhang, Jiawei},
  journal={Journal of Computational Mathematics},
  volume={28},
  number={5},
  pages={569--578},
  year={2010}
}

% older version
@incollection{chen2007note,
  title={A note on equilibrium pricing as convex optimization},
  author={Chen, Lihua and Ye, Yinyu and Zhang, Jiawei},
  booktitle={Internet and Network Economics},
  pages={7--16},
  year={2007},
  publisher={Springer}
}

@book{nisan2007algorithmic,
  title={Algorithmic game theory},
  author={Nisan, Noam and Roughgarden, Tim and Tardos, Eva and Vazirani, Vijay V},
  year={2007},
  publisher={Cambridge University Press}
}

@book{shoven1992applying,
  title={Applying general equilibrium},
  author={Shoven, John B},
  year={1992},
  publisher={Cambridge university press}
}

@article{jain2007polynomial,
  title={A polynomial time algorithm for computing an Arrow-Debreu market equilibrium for linear utilities},
  author={Jain, Kamal},
  journal={SIAM Journal on Computing},
  volume={37},
  number={1},
  pages={303--318},
  year={2007},
  publisher={SIAM}
}

@inproceedings{codenotti2005polynomial,
  title={On the polynomial time computation of equilibria for certain exchange economies},
  author={Codenotti, Bruno and Pemmaraju, Sriram and Varadarajan, Kasturi},
  booktitle={Proceedings of the sixteenth annual ACM-SIAM symposium on Discrete algorithms},
  pages={72--81},
  year={2005},
  organization={Society for Industrial and Applied Mathematics}
}


@article{newman1992complexity,
  title={Complexity of circumscribed and inscribed ellipsoid methods for solving equilibrium economical models},
  author={Newman, DJ and Primak, ME},
  journal={Applied Mathematics and Computation},
  volume={52},
  number={2},
  pages={223--231},
  year={1992},
  publisher={Elsevier}
}

@article{arrow1958stability,
  title={On the stability of the competitive equilibrium, I},
  author={Arrow, Kenneth J and Hurwicz, Leonid},
  journal={Econometrica: Journal of the Econometric Society},
  pages={522--552},
  year={1958},
  publisher={JSTOR}
}

@techreport{gjerstad1996multiple,
  title={Multiple equilibria in exchange economies with homothetic, nearly identical preferences},
  author={Gjerstad, Steven},
  year={1996},
  institution={Center for Economic Research, Department of Economics, University of Minnesota}
}

@inproceedings{codenotti2006leontief,
  title={Leontief economies encode nonzero sum two-player games},
  author={Codenotti, Bruno and Saberi, Amin and Varadarajan, Kasturi and Ye, Yinyu},
  booktitle={Proceedings of the seventeenth annual ACM-SIAM symposium on Discrete algorithm},
  pages={659--667},
  year={2006},
  organization={ACM}
}


@book{mas1995microeconomic,
  title={Microeconomic theory},
  author={Mas-Colell, Andreu and Whinston, Michael Dennis and Green, Jerry R and others},
  volume={1},
  year={1995},
  publisher={Oxford university press New York}
}

@article{codenotti2005market,
  title={Market equilibrium in exchange economies with some families of concave utility functions},
  author={Codenotti, Bruno and Varadarajan, Kasturi},
  journal={Computational Economics},
  volume={503001},
  year={2005},
  publisher={EconWPA}
}

@incollection{codenotti2005marketCES,
  title={Market equilibrium for CES exchange economies: Existence, multiplicity, and computation},
  author={Codenotti, Bruno and McCune, Benton and Penumatcha, Sriram and Varadarajan, Kasturi},
  booktitle={FSTTCS 2005: Foundations of Software Technology and Theoretical Computer Science},
  pages={505--516},
  year={2005},
  publisher={Springer}
}

@book{boyd2009convex,
  title={Convex optimization},
  author={Boyd, Stephen and Vandenberghe, Lieven},
  year={2009},
  publisher={Cambridge university press}
}

@inproceedings{garg2014computability,
  title={On Computability of Equilibria in Markets with Production.},
  author={Garg, Jugal and Vazirani, Vijay V},
  booktitle={SODA},
  pages={1329--1340},
  year={2014},
  organization={SIAM}
}

@inproceedings{codenotti2005marketExcess,
  title={Market equilibrium via the excess demand function},
  author={Codenotti, Bruno and McCune, Benton and Varadarajan, Kasturi},
  booktitle={Proceedings of the thirty-seventh annual ACM symposium on Theory of computing},
  pages={74--83},
  year={2005},
  organization={ACM}
}

@article{nenakov1983one,
  title={One algorithm for finding solutions of the Arrow-Debreu model},
  author={Nenakov, EI and Primak, ME},
  journal={Kibernetica},
  volume={3},
  pages={127--128},
  year={1983}
}

% claims this is the most general framework for GS functions
@incollection{mccune2007extending,
  title={Extending polynomial time computability to markets with demand correspondences},
  author={McCune, Benton},
  booktitle={Internet and Network Economics},
  pages={347--355},
  year={2007},
  publisher={Springer}
}

%thesis gives a good overview
@PhdThesis{mccune2009algorithmic,
  title={Algorithmic game theory and the computation of market equilibria},
  author={McCune, Benton John},
  year={2009},
  publisher={University of Iowa}
}

% exchange market is a linear combo of utilities, with unknown weights
@article{negishi1960welfare,
  title={Welfare economics and existence of an equilibrium for a competitive economy},
  author={Negishi, Takashi},
  journal={Metroeconomica},
  volume={12},
  number={2-3},
  pages={92--97},
  year={1960},
  publisher={Wiley Online Library}
}


